@article{discovery,
    Title        = "Observation of a new boson with a mass near 125 GeV",
    Year         = "2012",
	Author = {The CMS Collaboration},
	Collaboration = {CMS},
	Journal = {CMS Physics Analysis Summary},
	Volume = {\href{http://cdsweb.cern.ch/record/1460438?ln=en}{CMS-PAS-HIG-12-020}},
}

@techreport{higgsatlas,
      title        = "Observation of an Excess of Events in the Search for the
                      Standard Model Higgs boson with the ATLAS detector at the LHC",
      institution  = "CERN",
      address      = "Geneva",
      number       = "ATLAS-CONF-2012-093",
      month        = "Jul",
      year         = "2012",
}

@unpublished{lhcgoal,
	Author = {CERN},
	Title  = {Unified forces},
	url    = {http://home.web.cern.ch/about/physics/unified-forces},
	Year   = {2013}}

@article{partons,
      author         = "A.D. Martin and others",
      title          = "{Parton distributions for the LHC}",
      journal        = "Eur.Phys.J.",
      volume         = "C63",
      pages          = "189-285",
      doi            = "10.1140/epjc/s10052-009-1072-5",
      year           = "2009",
      eprint         = "0901.0002",
      archivePrefix  = "arXiv",
      primaryClass   = "hep-ph",
      reportNumber   = "IPPP/08/95, DCPT/08/190, Cavendish-HEP-08/16",
      SLACcitation   = "%%CITATION = ARXIV:0901.0002;%%",
}

@article{lhcmachine,
	Abstract      = {The Large Hadron Collider (LHC) at CERN near Geneva is the world's newest and most powerful tool for Particle Physics research. It is designed to collide proton beams with a centre-of-mass energy of 14 TeV and an unprecedented luminosity of 10 34 cm −2 s −1 . It can also collide heavy (Pb) ions with an energy of 2.8 TeV per nucleon and a peak luminosity of 10 27 cm −2 s −1 . In this paper, the machine design is described.},
	Author        = {Lyndon Evans and Philip Bryant},
	Date-Added    = {2012-03-27 21:33:50 +0000},
	Date-Modified = {2012-03-27 21:33:56 +0000},
	Journal       = {Journal of Instrumentation},
	Number        = {08},
	Pages         = {S08001},
	Title         = {LHC Machine},
	Url           = {http://stacks.iop.org/1748-0221/3/i=08/a=S08001},
	Volume        = {3},
	Year          = {2008},
	Bdsk-Url-1    = {http://stacks.iop.org/1748-0221/3/i=08/a=S08001}}

@article{jinst,
	Author        = {The CMS Collaboration},
	Collaboration = {CMS},
	Date-Added    = {2012-03-27 17:49:08 +0000},
	Date-Modified = {2012-03-27 17:49:13 +0000},
	Doi           = {10.1088/1748-0221/3/08/S08004},
	Journal       = {JINST},
	Pages         = {361},
	Title         = {The CMS experiment at the CERN LHC},
	Volume        = {3 S08004},
	Year          = {2008},
	Bdsk-Url-1    = {http://dx.doi.org/10.1088/1748-0221/3/08/S08004}}

@article{cmspic,
	Author        = {Tejinder Virdee},
	Journal       = {CERN Courier},
	Title         = {CMS: Building on innovation},
	Year          = {2009},
	Bdsk-Url-1    = {http://cerncourier.com/cws/article/cern/35877}}

@article{trackingperformance,
	Author        = {CMS Collaboration},
	Collaboration = {CMS},
	Issn          = {1434-6044},
	Issue         = {4},
	Journal       = {The European Physical Journal C - Particles and Fields},
	Keyword       = {Physics and Astronomy},
	Note          = {10.1140/epjc/s10052-010-1491-3},
	Pages         = {1165-1192},
	Publisher     = {Springer Berlin / Heidelberg},
	Title         = {CMS tracking performance results from early LHC operation},
	Url           = {http://dx.doi.org/10.1140/epjc/s10052-010-1491-3},
	Volume        = {70},
	Year          = {2010},
	Bdsk-Url-1    = {http://dx.doi.org/10.1140/epjc/s10052-010-1491-3}}

@article{hcalperformance,
	Author        = {Abdullin, S. and others},
	Collaboration = {CMS HCAL},
	Doi           = {10.1140/epjc/s10052-008-0573-y},
	Journal       = {Eur. Phys. J.},
	Pages         = {159-171},
	Slaccitation  = {%%CITATION=EPHJA,C55,159;%%},
	Title         = {{Design, performance, and calibration of CMS hadron-barrel calorimeter wedges}},
	Volume        = {C55},
	Year          = {2008},
	Bdsk-Url-1    = {http://dx.doi.org/10.1140/epjc/s10052-008-0573-y}}

@article{lumi11,
	Author        = {The CMS Collaboration},
	Collaboration = {CMS},
	Journal       = {CMS Physics Analysis Summary},
	Volume        = {\href{http://cdsweb.cern.ch/record/1376102}{CMS-PAS-EWK-11-001}},
	Title         = {Absolute Calibration of Luminosity Measurement at CMS: Summer 2011 Update},
	Year          = {2011}}

@article{lumi12,
	Author        = {The CMS Collaboration},
	Collaboration = {CMS},
	Journal       = {CMS Physics Analysis Summary},
	Volume        = {\href{http://cdsweb.cern.ch/record/1434360}{CMS-PAS-SMP-12-008}},
	Title         = {Absolute Calibration of the Luminosity Measurement at CMS: Winter 2012 Update},
	Year          = {2012}}

@article{lumi12up,
	Author        = {The CMS Collaboration},
	Collaboration = {CMS},
	Journal       = {CMS Physics Analysis Summary},
	Volume        = {\href{http://cds.cern.ch/record/1482193/files/LUM-12-001-pas.pdf}},
	Title         = {CMS Luminosity Based on Pixel Cluster Counting: Summer 2012 Update},
	Year          = {2012}}

@techreport{vdm,
    author       = {van der Meer, S},
    title        = {Calibration of the effective beam height in the ISR. oai:cds.cern.ch:296752},
    institution  = {CERN},
    address      = {Geneva},
    number       = {CERN-ISR-PO-68-31. ISR-PO-68-31},
    year         = {1968}}

@unpublished{smxsec,
	Author = {W.J. Stirling},
	Title  = {Standard Model cross sections as a function of collider energy},
	url    = {http://www.hep.phy.cam.ac.uk/~wjs/plots/crosssections2012.pdf},
	Year   = {2012}}

@article{clopperpearson,
    Author     = {Clooper, C. and  Pearson, E. S.},
    Doi        = {doi:10.1093/biomet/26.4.404},
    Title      = {{The use of confidence or fiducial limits illustrated in the case of the binomial}},
    Year       = {1934},
    Bdsk-Url-1 = {http://dx.doi:10.1093/biomet/26.4.404}}
 
@article{qcdprimer,
	Author = {J. M. Campbell, J. W. Huston, and W. J. Stirling},
	Title  = {Hard Interactions of Quarks and Gluons: a Primer for LHC Physics},
	Year   = {2012}}

 @article{darkmatter,
 	Archiveprefix = {arXiv},
 	Author        = {G. Bertone, D. Hooper, J. Silk},
 	Doi           = {10.1016/j.physrep.2004.08.031},
 	Eprint        = {:hep-ph/0404175v2 },
 	Journal       = {Phys.Rept.},
 	Primaryclass  = {hep-ph},
 	Reportnumber  = {FERMILAB-Pub-04/047-A},
 	Slaccitation  = {%%CITATION=HEP-PH/0404175;%%},
 	Title         = {{Particle Dark Matter: Evidence, Candidates, Constraints}},
 	Volume        = {405},
 	Year          = {2004},
 	Bdsk-Url-1    = {http://dx.doi.org/10.1016/j.physrep.2004.08.031}}
 
 @article{baer,
 	Archiveprefix = {arXiv},
 	Author        = {H. Baer},
 	Eprint        = {:0901.4732v1},
 	Primaryclass  = {hep-ph},
 	Title         = {{TASI 2008 Lectures on Collider Signals II: $E_T^{missing}$ Signatures and the Dark Matter Connection}},
 	Year          = {2009},
 	url           = {http://arxiv.org/abs/0901.4732}}

@article{bourge,
	Author        = {Matthew LeBourgeois},
	Title         = {Search for the Standard Model Higgs boson in the fully leptonic WW decay channel at CMS},
	Year          = {2012},
	Bdsk-Url-1    = {http://roger.ucsd.edu:80/record=b7619276~S9}}

 
% ===== Papers about SUSY in  same-sign dileptons (or just multi-leptons) final states ========  
@article{ss::barnett,
      author         = "Barnett, R. Michael and Gunion, John F. and Haber, Howard
                        E.",
      title          = "{Discovering supersymmetry with like-sign dileptons}",
      journal        = "Phys. Lett. B",
      volume         = "315",
      pages          = "349",
      doi            = "10.1016/0370-2693(93)91623-U",
      year           = "1993",
      eprint         = "hep-ph/9306204",
      archivePrefix  = "arXiv",
      primaryClass   = "hep-ph",
      reportNumber   = "LBL-34106, UCD-93-17, SCIPP-93-10",
      SLACcitation   = "%%CITATION = HEP-PH/9306204;%%",
}


@article{ss:guchait,
      author         = "Guchait, Manoranjan and Roy, D. P.",
      title          = "{Like-sign dilepton signature for gluino production at
                        CERN LHC including top quark and Higgs boson effects}",
      journal        = "Phys. Rev. D",
      volume         = "52",
      pages          = "133",
      doi            = "10.1103/PhysRevD.52.133",
      year           = "1995",
      eprint         = "hep-ph/9412329",
      archivePrefix  = "arXiv",
      primaryClass   = "hep-ph",
      reportNumber   = "TIFR-TH-94-51",
      SLACcitation   = "%%CITATION = HEP-PH/9412329;%%",
}

@article{ss:baer,
      author         = "Baer, Howard and Chen, Chih-hao and Paige, Frank and Tata, Xerxes",
      title          = "{Signals for minimal supergravity at the CERN large
                        hadron collider. II: Multi - lepton channels}",
      journal        = "Phys. Rev. D",
      volume         = "53",
      pages          = "6241",
      doi            = "10.1103/PhysRevD.53.6241",
      year           = "1996",
      eprint         = "hep-ph/9512383",
      archivePrefix  = "arXiv",
      primaryClass   = "hep-ph",
      reportNumber   = "FSU-HEP-951215, UCD-95-45, UH-511-837-95",
      SLACcitation   = "%%CITATION = HEP-PH/9512383;%%",
}

@article{ss:aod,
      author         = "Aad, Georges and others",
      title          = "{Multi-channel search for squarks and gluinos in
                        $\sqrt{s}=7$ TeV $pp$ collisions with the ATLAS detector}",
      collaboration  = "ATLAS Collaboration",
      journal        = "Eur.Phys.J.",
      volume         = "C73",
      pages          = "2362",
      doi            = "10.1140/epjc/s10052-013-2362-5",
      year           = "2013",
      eprint         = "1212.6149",
      archivePrefix  = "arXiv",
      primaryClass   = "hep-ex",
      reportNumber   = "CERN-PH-EP-2012-330",
      SLACcitation   = "%%CITATION = ARXIV:1212.6149;%%",
}

% ===== Dark Matter ====
@article{AMS,
      author         = "Aguilar, M. and others",
      title          = "{First Result from the Alpha Magnetic Spectrometer on the
                       International Space Station: Precision Measurement of the
                       Positron Fraction in Primary Cosmic Rays of 0.5–350
                       GeV}",
      collaboration  = "AMS Collaboration",
      journal        = "Phys.Rev.Lett.",
      number         = "14",
      volume         = "110",
      pages          = "141102",
      doi            = "10.1103/PhysRevLett.110.141102",
      year           = "2013",
      SLACcitation   = "%%CITATION = PRLTA,110,141102;%%",
}


@article{Bertone:2004pz,
      author         = "Bertone, Gianfranco and Hooper, Dan and Silk, Joseph",
      title          = "{Particle dark matter: Evidence, candidates and
                        constraints}",
      journal        = "Phys.Rept.",
      volume         = "405",
      pages          = "279-390",
      doi            = "10.1016/j.physrep.2004.08.031",
      year           = "2005",
      eprint         = "hep-ph/0404175",
      archivePrefix  = "arXiv",
      primaryClass   = "hep-ph",
      reportNumber   = "FERMILAB-PUB-04-047-A",
      SLACcitation   = "%%CITATION = HEP-PH/0404175;%%",
}

% ===== Papers on other (non-Susy) models/processes involving same-sign leptons ========  
@article{ss:cheng,
      author         = "Cheng, Hsin-Chia and Matchev, Konstantin T. and Schmaltz,
                        Martin",
      title          = "{Bosonic supersymmetry? Getting fooled at the CERN LHC}",
      journal        = "Phys. Rev. C",
      volume         = "66",
      pages          = "056006",
      doi            = "10.1103/PhysRevD.66.056006",
      year           = "2002",
      eprint         = "hep-ph/0205314",
      archivePrefix  = "arXiv",
      primaryClass   = "hep-ph",
      reportNumber   = "EFI-02-80, UFIFT-HEP-02-7, CERN-TH-2002-108, BUHEP-02-21",
      SLACcitation   = "%%CITATION = HEP-PH/0205314;%%",
}

@article{ss:contino,
      author         = "Contino, Roberto and Servant, Geraldine",
      title          = "{Discovering the top partners at the LHC using same-sign
                        dilepton final states}",
      journal        = "JHEP",
      volume         = "06",
      pages          = "026",
      doi            = "10.1088/1126-6708/2008/06/026",
      year           = "2008",
      eprint         = "0801.1679",
      archivePrefix  = "arXiv",
      primaryClass   = "hep-ph",
      reportNumber   = "CERN-PH-TH-2007-233, SACLAY-T07-149",
      SLACcitation   = "%%CITATION = ARXIV:0801.1679;%%",
}

@article{ss:almeida,
      author         = "Almeida Jr., F. M. L. and Coutinho, Yara Do Amaral and
                        Martins Sim{\~o}es, Jose Antonio and Queiroz Filho, P. P. and Porto, C. M.",
      title          = "{Same-sign dileptons as a signature for heavy Majorana
                        neutrinos in hadron-hadron collisions}",
      journal        = "Phys. Lett. B",
      volume         = "400",
      pages          = "331",
      doi            = "10.1016/S0370-2693(97)00143-3",
      year           = "1997",
      eprint         = "hep-ph/9703441",
      archivePrefix  = "arXiv",
      primaryClass   = "hep-ph",
      SLACcitation   = "%%CITATION = HEP-PH/9703441;%%",
}

@article{ss::sstop,
      author         = "Bai, Yang and Han, Zhenyu",
      title          = "{Top-antitop and top-top resonances in the dilepton
                        channel at the CERN LHC}",
      journal        = "JHEP",
      volume         = "04",
      pages          = "056",
      doi            = "10.1088/1126-6708/2009/04/056",
      year           = "2009",
      eprint         = "0809.4487",
      archivePrefix  = "arXiv",
      primaryClass   = "hep-ph",
      reportNumber   = "FERMILAB-PUB-08-354-T",
      SLACcitation   = "%%CITATION = ARXIV:0809.4487;%%",
}


@article{fcnczprime,
      author         = "Berger, Edmond L. and Cao, Qing-Hong and Chen, Chuan-Ren
                        and Li, Chong Sheng and Zhang, Hao",
      title          = "{Top Quark Forward-Backward Asymmetry and Same-Sign Top
                        Quark Pairs}",
      journal        = "Phys. Rev. Lett.",
      volume         = "106",
      pages          = "201801",
      doi            = "10.1103/PhysRevLett.106.201801",
      year           = "2011",
      eprint         = "1101.5625",
      archivePrefix  = "arXiv",
      primaryClass   = "hep-ph",
      reportNumber   = "ANL-HEP-PR-11-09, IPMU11-0008",
      SLACcitation   = "%%CITATION = ARXIV:1101.5625;%%",
}

@article{ttz,
      author         = "Kardos, Adam and Trocsanyi, Zoltan and Papadopoulos,
                        Costas",
      title          = "{Top quark pair production in association with a Z-boson
                        at NLO accuracy}",
      journal        = "Phys. Rev. D",
      volume         = "85",
      pages          = "054015",
      doi            = "10.1103/PhysRevD.85.054015",
      year           = "2012",
      eprint         = "1111.0610",
      archivePrefix  = "arXiv",
      primaryClass   = "hep-ph",
      SLACcitation   = "%%CITATION = ARXIV:1111.0610;%%",
}

@article{ttw,
      author         = "Campbell, John M. and Ellis, R. Keith",
      title          = "{$t\bar{t}W^{\pm}$ production and decay at NLO}",
      journal        = "JHEP",
      volume         = "07",
      pages          = "052",
      doi            = "10.1007/JHEP07(2012)052",
      year           = "2012",
      eprint         = "1204.5678",
      archivePrefix  = "arXiv",
      primaryClass   = "hep-ph",
      reportNumber   = "FERMILAB-PUB-12-109-T",
      SLACcitation   = "%%CITATION = ARXIV:1204.5678;%%",
}

@article{kramer_2012bx,
      author         = "Kramer, Michael and Kulesza, Anna and van der Leeuw,
                        Robin and Mangano, Michelangelo and Padhi, Sanjay and
                        others",
      title          = "{Supersymmetry production cross sections in $pp$
                        collisions at $\sqrt{s}=7$ TeV}",
      year           = "2012",
      eprint         = "1206.2892",
      archivePrefix  = "arXiv",
      primaryClass   = "hep-ph",
      reportNumber   = "CERN-PH-TH-2012-163",
      SLACcitation   = "%%CITATION = ARXIV:1206.2892;%%",
}


@article{an_003_2010,
	Author  = {N. Saoulidou and others},
	Title   = {Particle Flow Jet Indentification Criteria},
	Journal = {CMS AN-2010/003},
	Year    = {2010}
}

@article{an_098_2008,
	Author  = {M. Mulders and others},
	Journal = {CMS AN-2008/098},
	Year    = {2008}
}

@unpublished{higgstwiki,
	Author = {CMS Collaboration},
	Title  = {CMS Higgs Physics Results},
	url    = {https://twiki.cern.ch/twiki/bin/view/CMSPublic/PhysicsResultsHIG},
	Year   = {2013}
}

@unpublished{lumitwiki,
	Author = {CMS Collaboration},
	Title  = {CMS Luminosity - Public Results},
	url    = {https://twiki.cern.ch/twiki/bin/view/CMSPublic/LumiPublicResults},
	Year   = {2013}
}

@unpublished{muonidtwiki,
	Author = {CMS Collaboration},
	Title  = {Muon ID Recommendations},
	url    = {https://twiki.cern.ch/twiki/bin/view/CMSPublic/SWGuideMuonId},
	Year   = {2012}
}

@unpublished{muonpfisotwiki,
	Author = {CMS Collaboration},
	Title  = {Muon PF-Based Isolation Recommendations},
	url    = {https://twiki.cern.ch/twiki/bin/view/CMSPublic/SWGuideMuonId#Muon_Isolation},
	Year   = {2012}
}

@unpublished{egammaidtwiki,
	Author = {CMS Collaboration},
	Title  = {EGammaPOG ID Recommendations},
	url    = {https://twiki.cern.ch/twiki/bin/viewauth/CMS/EgammaCutBasedIdentification},
	Year   = {2012}
}

@unpublished{egammapfisotwiki,
	Author = {CMS Collaboration},
	Title  = {EGammaPOG PF-Based Isolation Recommendations},
	url    = {https://twiki.cern.ch/twiki/bin/view/CMS/EgammaPFBasedIsolation},
	Year   = {2012}
}

@unpublished{egammaisorhoaeff,
	Author = {CMS Collaboration},
	Title  = {EGammaPOG PF-Based $\rho$ Correction},
	url    = {https://twiki.cern.ch/twiki/bin/viewauth/CMS/EgammaEARhoCorrection},
	Year   = {2012}
}

@unpublished{jetcorrtwiki,
	Author = {CMS Collaboration},
	Title  = {Jet Energy Corrections},
	url    = {https://twiki.cern.ch/twiki/bin/view/CMSPublic/WorkBookJetEnergyCorrections},
	Year   = {2012}
}

@unpublished{btvtwiki,
	Author = {CMS Collaboration},
	Title  = {Methods to apply b-tagging efficiency scale factors},
	url    = {https://twiki.cern.ch/twiki/bin/view/CMS/BTagSFMethods},
	Year   = {2012}
}

@article{beff_2012,
    author        = "Chatrchyan, Serguei and others",
    collaboration = "CMS",
    title         = "Identification of b-quark jets with the CMS experiment",
    journal       = "JINST",
    volume        = "8",
    pages         = "P04013",
    doi           = "10.1088/1748-0221/8/04/P04013",
    year          = "2013",
    eprint        = "1211.4462",
    archivePrefix = "arXiv",
    primaryClass  = "hep-ex",
    reportNumber  = "CMS-BTV-12-001, CERN-PH-EP-2012-262",
}


% ===== SS analysis notes ======== %

@article{an_ss2010,
	Author  = {Derek Barge and others},
	Journal = {CMS AN-2010/247},
	Title   = {Inclusive Search for New Physics with Same-Sign Dileptons using early LHC data},
	Volume  = {\href{http://cms.cern.ch/iCMS/jsp/db_notes/noteInfo.jsp?cmsnoteid=CMS\%20AN-2010/247}{2010/247}},
	Year    = {2010}
}

@article{an_ssb2011,
	Author  = {Derek Barge and others},
	Journal = {CMS AN-2011/367},
	Title   = {Search for New Physics in the Same Sign Dilepton final state with b jets and Missing Energy at the LHC},
	Volume  = {\href{http://cms.cern.ch/iCMS/jsp/db_notes/noteInfo.jsp?cmsnoteid=CMS\%20AN-2011/367}{2011/367}},
	Year    = {2011}
}

@article{an_ss2011,
	Author  = {Derek Barge and others},
	Journal = {CMS AN-2011/468},
	Title   = {Search for New Physics with Same-Sign Dileptons using the 2011 dataset of CMS},
	Volume  = {\href{http://cms.cern.ch/iCMS/jsp/db_notes/noteInfo.jsp?cmsnoteid=CMS\%20AN-2011/468}{2011/468}},
	Year    = {2011}
}

@article{an_ssb2012,
	Author  = {Derek Barge and others},
	Title   = {Search for new physics in a final state with a same-sign lepton pair, b-tagged jets, and missing transverse energy},
	Journal = {CMS AN-2012/177},
	Volume  = {\href{http://cms.cern.ch/iCMS/jsp/db_notes/noteInfo.jsp?cmsnoteid=CMS\%20AN-2012/177}{2012/177}},
	Year    = {2012}
}

@article{an_ssb2012hcp,
	Author  = {Derek Barge and others},
	Title   = {Search for new physics in a final state with a same-sign lepton pair, jets, and missing transverse energy using the full 2012 CMS dataset},
	Journal = {CMS AN-2012/364},
	Volume  = {\href{http://cms.cern.ch/iCMS/jsp/db_notes/noteInfo.jsp?cmsnoteid=CMS\%20AN-2012/364}{2012/364}},
	Year    = {2012}
}

@article{an_ssb2013,
	Author  = {Claudio Campagnari and others},
	Title   = {Search for new physics in a final state with a same-sign lepton pair, jets, and missing transverse energy using the full 2012 CMS dataset},
	Journal = {CMS AN-2013/120},
	Volume  = {\href{http://cms.cern.ch/iCMS/jsp/db_notes/noteInfo.jsp?cmsnoteid=CMS\%20AN-2013/120}{2013/120}},
	Year    = {2013}
}

@article{an_ufl2013,
	Author  = {D. Dobur and others},
	Title   = {Search for new physics with same-sign dilepton events in CMS uisng full 2012 data},
	Journal = {CMS AN-2013/051},
	Volume  = {\href{http://cms.cern.ch/iCMS/jsp/db_notes/noteInfo.jsp?cmsnoteid=CMS\%20AN-2013/051}{2013/051}},
	Year    = {2013}
}

@article{sspaper2010,
	Archiveprefix = {arXiv},
	Author        = {{CMS Collaboration}},
	Collaboration = {CMS},
	Doi           = {10.1007/JHEP06(2011)077},
	Eprint        = {1014.3168},
	Journal       = {JHEP},
	Primaryclass  = {hep-ex},
	Slaccitation  = {%%CITATION = 1014.3168;%%},
	Title         = {{Search for new physics with same-sign isolated dilepton events with jets and missing transverse energy at the LHC}},
	Year          = {2011},
	Bdsk-Url-1    = {http://dx.doi.org/10.1007/JHEP01(2011)077}
}

@article{sspaper2011,
	Archiveprefix = {arXiv},
	Author        = {{CMS Collaboration}},
	Collaboration = {CMS},
	Doi           = {10.1103/PhysRevLett.109.071803},
	Eprint        = {1205.6615},
	Journal       = {Phys. Rev. Lett.},
	Primaryclass  = {hep-ex},
	Slaccitation  = {%%CITATION = 1205.6615;%%},
	Title         = {{Search for new physics with same-sign isolated dilepton events with jets and missing transverse energy}},
	Volume        = {109},
	Year          = {2012},
	Bdsk-Url-1    = {http://dx.doi.org/10.1103/PhysRevLett.109.071803}
}

@article{sspaper2012,
	Archiveprefix = {arXiv},
	Author        = {{CMS Collaboration}},
	Collaboration = {CMS},
	Doi           = {10.1007/JHEP03(2013)037},
	Eprint        = {1014.3168},
	Journal       = {JHEP},
	Primaryclass  = {hep-ex},
	Slaccitation  = {%%CITATION = 2012.6194;%%},
	Title         = {{Search for new physics in events with same-sign dileptons and b jets in pp collisions at sqrt(s) = 8 TeV}},
	Year          = {2013},
	Bdsk-Url-1    = {http://dx.doi.org/10.1007/JHEP03(2013)037}
}

% ===== References for statistical interpretation of the data  ========  
@article{Junk:1999kv,
     author         = "Junk, Thomas",
     title          = "{Confidence level computation for combining searches with
                       small statistics}",
     journal        = "Nucl. Instrum. Meth. A",
     volume         = "434",
     pages          = "435",
     doi            = "10.1016/S0168-9002(99)00498-2",
     year           = "1999",
     eprint         = "hep-ex/9902006",
     archivePrefix  = "arXiv",
     primaryClass   = "hep-ex",
     reportNumber   = "CARLETON-OPAL-PHYS-99-01, CERN-EP-99-041",
     SLACcitation   = "%%CITATION = HEP-EX/9902006;%%",
}

@article{Read:2002hq,
      author         = "Read, Alexander L.",
      title          = "{Presentation of search results: The $CL_s$ technique}",
      journal        = "J. Phys. G",
      volume         = "28",
      pages          = "2693",
      doi            = "10.1088/0954-3899/28/10/313",
      year           = "2002",
      SLACcitation   = "%%CITATION = JPHGB,G28,2693;%%",
}

@techreport{ATL-PHYS-PUB-2011-011,
     author        = "{ATLAS and CMS Collaborations}",
     title         = "Procedure for the LHC Higgs boson search combination in summer 2011",
     type          = "ATL-PHYS-PUB-2011-011,",
     number        = "{CMS NOTE-2011/005}",
     URL           = "https://cdsweb.cern.ch/record/1379837",
     year          = "2011",
}

% ===== References for other simplified models ========  

@article{Frixione:2002ik,
      author         = "Frixione, Stefano and Webber, Bryan R.",
      title          = "{Matching NLO QCD computations and parton shower simulations}",
      journal        = "JHEP",
      volume         = "0206",
      pages          = "029",
      year           = "2002",
      eprint         = "hep-ph/0204244",
      archivePrefix  = "arXiv",
      primaryClass   = "hep-ph",
      reportNumber   = "CAVENDISH-HEP-02-01, LAPTH-905-02, GEF-TH-2-2002",
      SLACcitation   = "%%CITATION = HEP-PH/0204244;%%",
}

% ===== References for Susy models ========  

@article{naturalness1,
    author         = "Cohen, Andrew G. and Kaplan, D. B. and Nelson, A. E.",
    title          = "{The more Minimal Supersymmetric Standard Model}",
    journal        = "Phys. Lett. B",
    volume         = "388",
    pages          = "588",
    doi            = "10.1016/S0370-2693(96)01183-5",
    year           = "1996",
    eprint         = "hep-ph/9607394",
    archivePrefix  = "arXiv",
    primaryClass   = "hep-ph",
    reportNumber   = "BU-HEP-96-21, DOE-ER-40561-270, INT-96-00-131, UW-PT-96-10",
    SLACcitation   = "%%CITATION = HEP-PH/9607394;%%",
}

@article{naturalness2,
    author         = "Dimopoulos, S. and Giudice, G. F.",
    title          = "{Naturalness constraints in supersymmetric theories with non-universal soft terms}",
    journal        = "Phys. Lett. B",
    volume         = "357",
    pages          = "573",
    doi            = "10.1016/0370-2693(95)00961-J",
    year           = "1995",
    eprint         = "hep-ph/9507282",
    archivePrefix  = "arXiv",
    primaryClass   = "hep-ph",
    reportNumber   = "CERN-TH-95-188",
    SLACcitation   = "%%CITATION = HEP-PH/9507282;%%",
}

@article{naturalness3,
    author         = "Barbieri, Riccardo and Dvali, G. R. and Hall, Lawrence J.",
    title          = "{Predictions from a U(2) flavour symmetry in supersymmetric theories}",
    journal        = "Phys. Lett. B",
    volume         = "377",
    pages          = "76",
    doi            = "10.1016/0370-2693(96)00318-8",
    year           = "1996",
    eprint         = "hep-ph/9512388",
    archivePrefix  = "arXiv",
    primaryClass   = "hep-ph",
    reportNumber   = "LBL-38065, UCB-PTH-95-44",
    SLACcitation   = "%%CITATION = HEP-PH/9512388;%%",
}

@article{naturalness4,
    author         = "Papucci, Michele and Ruderman, Joshua T. and Weiler, Andreas",
    title          = "{Natural SUSY Endures}",
    journal        = "JHEP",
    volume         = "09",
    pages          = "035",
    doi            = "10.1007/JHEP09(2012)035",
    year           = "2012",
    eprint         = "1110.6926",
    archivePrefix  = "arXiv",
    primaryClass   = "hep-ph",
    reportNumber   = "DESY-11-193, CERN-PH-TH-265",
    SLACcitation   = "%%CITATION = ARXIV:1110.6926;%%",
}

@article{sms,
    author         = "Alves, Daniele and others",
    title          = "{Simplified models for LHC new physics searches}",
    collaboration  = "LHC New Physics Working Group",
    journal        = "J. Phys. G",
    volume         = "39",
    pages          = "105005",
    doi            = "10.1088/0954-3899/39/10/105005",
    year           = "2012",
    eprint         = "1105.2838",
    archivePrefix  = "arXiv",
    primaryClass   = "hep-ph",
    reportNumber   = "SLAC-PUB-15045",
    SLACcitation   = "%%CITATION = ARXIV:1105.2838;%%",
    note           = "Model of Section IV.E with topology (B+B)"
}

@article{wacker,
    author         = "Essig, Rouven and Izaguirre, Eder and Kaplan, Jared and Wacker, Jay G.",
    title          = "{Heavy Flavor Simplified Models at the LHC}",
    journal        = "JHEP",
    volume         = "01",
    pages          = "074",
    doi            = "10.1007/JHEP01(2012)074",
    year           = "2012",
    eprint         = "1110.6443",
    archivePrefix  = "arXiv",
    primaryClass   = "hep-ph",
    reportNumber   = "YITP-SB-11-34, SLAC-PUB-14658",
    SLACcitation   = "%%CITATION = ARXIV:1110.6443;%%",
}

@article{Kramer:2012bx,
    author         = "Kramer, Michael and Kulesza, Anna and van der Leeuw, Robin and Mangano, Michelangelo and Padhi, Sanjay and others",
    title          = "{Supersymmetry production cross sections in $pp$ collisions at $\sqrt{s}=7$ TeV}",
    year           = "2012",
    eprint         = "1206.2892",
    archivePrefix  = "arXiv",
    primaryClass   = "hep-ph",
    reportNumber   = "CERN-PH-TH-2012-163",
    SLACcitation   = "%%CITATION = ARXIV:1206.2892;%%",
}

@article{bib-nlo-nll-01,
    AUTHOR       = {Beenakker, Wim and H\"{o}pker, R. and Spira, M. and Zerwas, P. M.},
    TITLE        = {Squark and gluino production at hadron colliders},
    JOURNAL      = "Nucl. Phys. B",
    VOLUME       = "492",
    YEAR         = "1997",
    pages        = "51",
    doi          = "10.1016/S0550-3213(97)00084-9",
    SLACcitation   = "%%CITATION = HEP-PH/9610490;%%"
}

@article{bib-nlo-nll-02,
    author         = "Kulesza, Anna and Motyka, L.",
    title          = "{Threshold resummation for squark-antisquark and gluino-pair production at the {LHC}}",
    journal        = "Phys. Rev. Lett.",
    volume         = "102",
    pages          = "111802",
    year           = "2009",
    doi            = "10.1103/PhysRevLett.102.111802",
    SLACcitation   = "%%CITATION = ARXIV:0807.2405;%%"
}

@article{bib-nlo-nll-03,
    author         = "Kulesza, Anna and Motyka, L.",
    title          = "{Soft gluon resummation for the production of gluino-gluino and squark-antisquark pairs at the {LHC}}",
    journal        = "Phys. Rev. D",
    volume         = "80",
    pages          = "095004",
    year           = "2009",
    doi            = "10.1103/PhysRevD.80.095004",
    SLACcitation   = "%%CITATION = ARXIV:0905.4749;%%"
}

@article{bib-nlo-nll-04,
    author         = {Beenakker, Wim and Brensing, Silja and Kr\"{a}mer, Michael and Kulesza, Anna and Laenen, Eric and Niessen, Irene},
    title          = "{Soft-gluon resummation for squark and gluino hadroproduction}",
    JOURNAL        = {J. High Energy Phys.},
    volume         = "12",
    pages          = "041",
    year           = "2009",
    doi            = "10.1088/1126-6708/2009/12/041",
    SLACcitation   = "%%CITATION = ARXIV:0909.4418;%%"
}

@article{bib-nlo-nll-05,
    author         = {Beenakker, Wim and Brensing, Silja and Kr\"{a}mer, Michael and Kulesza, Anna and Laenen, Eric and Motyka, Leszek and Niessen, Irene},
    title          = "{Squark and gluino hadroproduction}",
    journal        = "Int. J. Mod. Phys. A",
    volume         = "26",
    pages          = "2637",
    year           = "2011",
    doi            = "10.1142/S0217751X11053560",
    SLACcitation   = "%%CITATION = ARXIV:1105.1110;%%"
}

@unpublished{stopVirtual,
    author         = "Acharya, Bobby Samir and Grajek, Phill and Kane, Gordon L. and Kuflik, Eric and Suruliz, Kerim and Wang, Lian-Tao",
    title          = "{Identifying Multi-Top Events from Gluino Decay at the LHC}",
    year           = "2009",
    eprint         = "0901.3367",
    archivePrefix  = "arXiv",
    primaryClass   = "hep-ph",
    reportNumber   = "MCTP-09-03",
    SLACcitation   = "%%CITATION = ARXIV:0901.3367;%%",
}

@article{stopVirtualPRD,
    author         = "Kane, Gordon L. and Kuflik, Eric and Lu, Ran and Wang, Lian-Tao",
    title          = "{Top Channel for Early SUSY Discovery at the LHC}",
    journal        = "Phys. Rev. D",
    volume         = "84",
    pages          = "095004",
    doi            = "10.1103/PhysRevD.84.095004",
    year           = "2011",
    eprint         = "1101.1963",
    archivePrefix  = "arXiv",
    primaryClass   = "hep-ph",
    reportNumber   = "MCTP-11-00",
    SLACcitation   = "%%CITATION = ARXIV:1101.1963;%%",
}

@article{stopReal,
    author         = "Kraml, S. and Raklev, A.R.",
    title          = "{Same-sign top quarks as signature of light stops at the LHC}",
    journal        = "Phys. Rev.",
    volume         = "D73",
    pages          = "075002",
    doi            = "10.1103/PhysRevD.73.075002",
    year           = "2006",
    eprint         = "hep-ph/0512284",
    archivePrefix  = "arXiv",
    primaryClass   = "hep-ph",
    reportNumber   = "CERN-PH-TH-2005-266",
    SLACcitation   = "%%CITATION = HEP-PH/0512284;%%",
}

@article{sgluons,
      author         = "Plehn, Tilman and Tait, Tim M.P.",
      title          = "{Seeking Sgluons}",
      journal        = "J.Phys.G",
      volume         = "G36",
      pages          = "075001",
      doi            = "10.1088/0954-3899/36/7/075001",
      year           = "2009",
      eprint         = "0810.3919",
      archivePrefix  = "arXiv",
      primaryClass   = "hep-ph",
      reportNumber   = "ANL-HEP-PR-08-65, EDINBURGH-2008-43, NU-HEP-TH-08-08",
      SLACcitation   = "%%CITATION = ARXIV:0810.3919;%%",
}

% ===== other CMS Susy analyses ========  
@unpublished{maria,
    author         = "{CMS Collaboration}",
    title          = "{Interpretation of searches for supersymmetry with simplified models}",
    collaboration  = "CMS",
    year           = "2013",
    eprint         = "1301.2175",
    archivePrefix  = "arXiv",
    primaryClass   = "hep-ex",
    reportNumber   = "CMS-SUS-11-016, CERN-PH-EP-2012-351",
    note           = "Accepted by \textit{Phys. Rev. D}",
    SLACcitation   = "%%CITATION = ARXIV:1301.2175;%%",
}

@article{Chatrchyan:2012sa,
    author         = "Chatrchyan, Serguei and others",
    title          = "{Search for new physics in events with same-sign dileptons and b-tagged jets in pp collisions at $\sqrt{s} = 7$ TeV}",
    collaboration  = "CMS",
    journal        = "JHEP",
    volume         = "08",
    pages          = "110",
    doi            = "10.1007/JHEP08(2012)110",
    year           = "2012",
    eprint         = "1205.3933",
    archivePrefix  = "arXiv",
    primaryClass   = "hep-ex",
    reportNumber   = "CMS-SUS-11-020, CERN-PH-EP-2012-127",
    SLACcitation   = "%%CITATION = ARXIV:1205.3933;%%",
}

@article{Chatrchyan:2012wa,
    author         = "Chatrchyan, Serguei and others",
    title          = "{Search for supersymmetry in final states with missing
                      transverse energy and 0, 1, 2, or at least 3 b-quark jets
                      in 7 TeV pp collisions using the variable $\alpha_{T}$}",
    collaboration  = "CMS Collaboration",
    journal        = "JHEP",
    volume         = "1301",
    pages          = "077",
    doi            = "10.1007/JHEP01(2013)077",
    year           = "2013",
    eprint         = "1210.8115",
    archivePrefix  = "arXiv",
    primaryClass   = "hep-ex",
    reportNumber   = "CMS-SUS-11-022, CERN-PH-EP-2012-290",
    SLACcitation   = "%%CITATION = ARXIV:1210.8115;%%",
}

@article{Chatrchyan:2013lya,
    author         = "Chatrchyan, Serguei and others",
    title          = "{Search for supersymmetry in hadronic final states with
                      missing transverse energy using the variables $\alpha_T$
                      and b-quark multiplicity in pp collisions at $\sqrt{s}$ =
                      8 TeV}",
    collaboration  = "CMS Collaboration",
    year           = "2013",
    eprint         = "1303.2985",
    archivePrefix  = "arXiv",
    primaryClass   = "hep-ex",
    reportNumber   = "CMS-SUS-12-028, CERN-PH-EP-2013-037",
    SLACcitation   = "%%CITATION = ARXIV:1303.2985;%%",
}

@article{Chatrchyan:2013wxa,
    author         = "Chatrchyan, Serguei and others",
    title          = "{Search for gluino mediated bottom- and top-squark
                      production in multijet final states in pp collisions at 8
                      TeV}",
    collaboration  = "CMS Collaboration",
    year           = "2013",
    eprint         = "1305.2390",
    archivePrefix  = "arXiv",
    primaryClass   = "hep-ex",
    reportNumber   = "CMS-SUS-12-024, CERN-PH-EP-2013-076",
    SLACcitation   = "%%CITATION = ARXIV:1305.2390;%%",
}

% ===== ATLAS results on same-sign dileptons ========  
@article{ATLAS:2012ai,
    author         = "Aad, Georges and others",
    title          = "{Search for Gluinos in Events with Two Same-Sign Leptons,
                      Jets and Missing Transverse Momentum with the ATLAS
                      Detector in pp Collisions at $\sqrt{s} = 7$ TeV}",
    collaboration  = "ATLAS",
    journal        = "Phys. Rev. Lett.",
    volume         = "108",
    pages          = "241802",
    year           = "2012",
    doi            = "10.1103/PhysRevLett.108.241802",
    eprint         = "1203.5763",
    archivePrefix  = "arXiv",
    primaryClass   = "hep-ex",
    reportNumber   = "FERMILAB-PUB-12-368-E, CERN-PH-EP-2012-061",
    SLACcitation   = "%%CITATION = ARXIV:1203.5763;%%",
}

@article{ATLAS:2012ah,
    author         = "Aad, Georges and others",
    title          = "{Search for supersymmetry in pp collisions at $\sqrt{s} = 7$
                      TeV in final states with missing transverse momentum and
                      b-jets with the ATLAS detector}",
    collaboration  = "ATLAS",
    journal        = "Phys. Rev. D",
    volume         = "85",
    pages          = "112006",
    year           = "2012",
    doi            = "10.1103/PhysRevD.85.112006",
    eprint         = "1203.6193",
    archivePrefix  = "arXiv",
    primaryClass   = "hep-ex",
    reportNumber   = "FERMILAB-PUB-12-365-E, CERN-PH-EP-2012-052",
    SLACcitation   = "%%CITATION = ARXIV:1203.6193;%%",
}

@article{ATLAS:2012pq,
    author         = "Aad, Georges and others",
    title          = "{Search for top and bottom squarks from gluino pair
                      production in final states with missing transverse energy
                      and at least three b-jets with the ATLAS detector}",
    collaboration  = "ATLAS",
    journal        = "Eur. Phys. J. C",
    volume         = "72",
    pages          = "2174",
    doi            = "10.1140/epjc/s10052-012-2174-z",
    year           = "2012",
    eprint         = "1207.4686",
    archivePrefix  = "arXiv",
    primaryClass   = "hep-ex",
    reportNumber   = "CERN-PH-EP-2012-194",
    SLACcitation   = "%%CITATION = ARXIV:1207.4686;%%",
}

@article{ATLAS:2011cw,
    author         = "Aad, Georges and others",
    title          = "{Search for Scalar Bottom Quark Pair Production with the ATLAS
                      Detector in pp Collisions at $\sqrt{s} = 7$ TeV}",
    collaboration  = "ATLAS",
    journal        = "Phys. Rev. Lett.",
    volume         = "108",
    pages          = "181802",
    doi            = "10.1103/PhysRevLett.108.181802",
    year           = "2012",
    eprint         = "1112.3832",
    archivePrefix  = "arXiv",
    primaryClass   = "hep-ex",
    reportNumber   = "CERN-PH-EP-2011-195, FERMILAB-PUB-11-791-E",
    SLACcitation   = "%%CITATION = ARXIV:1112.3832;%%",
}

@article{ATLAS:2012naa,
      author         = "Aad, Georges and others",
      title          = "{Multi-channel search for squarks and gluinos in
                        $\sqrt{s}=7$ TeV $pp$ collisions with the ATLAS detector}",
      collaboration  = "ATLAS Collaboration",
      journal        = "Eur.Phys.J.",
      volume         = "C73",
      pages          = "2362",
      doi            = "10.1140/epjc/s10052-013-2362-5",
      year           = "2013",
      eprint         = "1212.6149",
      archivePrefix  = "arXiv",
      primaryClass   = "hep-ex",
      reportNumber   = "CERN-PH-EP-2012-330",
      SLACcitation   = "%%CITATION = ARXIV:1212.6149;%%",
}

% ===== particle phyiscs ======== %

@book{halzen,
	Author    = {Francis Halzen and Alan D. Martin},
	Publisher = {John Wiley \& Sons, Inc.},
	Title     = {Quarks \& Leptons: An Introductory Course in Modern Particle Physics},
	Year      = {1984}}

@misc{wikiparticles,
	Date-Added    = {2012-03-06 23:50:55 +0000},
	Date-Modified = {2012-03-07 00:12:17 +0000},
	Note          = {\href{http://upload.wikimedia.org/wikipedia/commons/thumb/0/00/Standard\_Model\_of\_Elementary\_Particles.svg/2000px-Standard\_Model\_of\_Elementary\_Particles.svg.png}{\texttt{http://upload.wikimedia.org/wikipedia/commons/thumb/0/00/ \\ Standard\_Model\_of\_Elementary\_Particles.svg/ \\ 2000px-Standard\_Model\_of\_Elementary\_Particles.svg.png}}}}

@misc{wikiinteractions,
	Note = {\href{http://upload.wikimedia.org/wikipedia/commons/thumb/4/4c/Elementary\_particle\_interactions.svg/2000px-Elementary\_particle\_interactions.svg.png}{\texttt{http://upload.wikimedia.org/wikipedia/commons/thumb/ \\ 4/4c/Elementary\_particle\_interactions.svg/ \\ 2000px-Elementary\_particle\_interactions.svg.png}}}}

@book{tdr1,
	Address   = {Geneva},
	Author    = {G.L. Bayatian and others},
	Publisher = {CERN},
	Series    = {Technical Design Report CMS},
	Title     = {CMS Physics Technical Design Report Volume I: Detector Performance and Software},
	Year      = {2006}
}

@article{triggertdr1,
	Author        = {G.L. Bayatian and others},
	Publisher     = {CERN},
	Collaboration = {CMS},
	Year          = {2000},
	Series        = {Technical Design Report CMS},
	Title         = {CMS TriDAS project: Technical Design Report; 1, the trigger systems}}

@article{muontdr,
    Author        = {The {CMS} Collaboration},
    Collaboration = {CMS},
    Address       = {Geneva},
    Publisher     = {CERN},
    Series        = {Technical Design Report CMS},
    Title         = {The CMS muon project: Technical Design Report},
    Year          = {1997}}

@article{antikt,
	Adsnote       = {Provided by the SAO/NASA Astrophysics Data System},
	Adsurl        = {http://adsabs.harvard.edu/abs/2008JHEP...04..063C},
	Archiveprefix = {arXiv},
	Author        = {{Cacciari}, M. and {Salam}, G.~P. and {Soyez}, G.},
	Doi           = {10.1088/1126-6708/2008/04/063},
	Eprint        = {0802.1189},
	Journal       = {Journal of High Energy Physics},
	Month         = apr,
	Pages         = {63-+},
	Primaryclass  = {hep-ph},
	Title         = {{The anti-k\_{t} jet clustering algorithm}},
	Volume        = 4,
	Year          = 2008,
	Bdsk-Url-1    = {http://dx.doi.org/10.1088/1126-6708/2008/04/063}}

@article{jetarea,
	Author     = {Matteo Cacciari and Gavin P. Salam and Gregory Soyez},
	Journal    = {Journal of High Energy Physics},
	Number     = {04},
	Pages      = {005},
	Title      = {The catchment area of jets},
	Url        = {http://stacks.iop.org/1126-6708/2008/i=04/a=005},
	Volume     = {2008},
	Year       = {2008},
	Bdsk-Url-1 = {http://stacks.iop.org/1126-6708/2008/i=04/a=005}}

@article{cmsjetcal,
	Author        = {The CMS collaboration},
	Collaboration = {CMS},
	Journal       = {Journal of Instrumentation},
	Number        = {11},
	Pages         = {P11002},
	Title         = {Determination of jet energy calibration and transverse momentum resolution in CMS},
	Url           = {http://stacks.iop.org/1748-0221/6/i=11/a=P11002},
	Volume        = {6},
	Year          = {2011},
	Bdsk-Url-1    = {http://stacks.iop.org/1748-0221/6/i=11/a=P11002}}

@article{fastjet,
	Author     = {Matteo Cacciari and Gavin P. Salam},
	Doi        = {10.1016/j.physletb.2007.09.077},
	Issn       = {0370-2693},
	Journal    = {Physics Letters B},
	Number     = {1--2},
	Pages      = {119 - 126},
	Title      = {Pileup subtraction using jet areas},
	Url        = {http://www.sciencedirect.com/science/article/pii/S0370269307011094},
	Volume     = {659},
	Year       = {2008},
	Bdsk-Url-1 = {http://www.sciencedirect.com/science/article/pii/S0370269307011094},
	Bdsk-Url-2 = {http://dx.doi.org/10.1016/j.physletb.2007.09.077}}

@article{btagging,
	Author        = {The CMS Collaboration},
	Collaboration = {CMS},
	Journal       = {Journal of Instrumentation},
	Number        = {13},
	Pages         = {P04013},
	Title         = {Identification of b-quark jets with the CMS Experiment},
	Url           = {http://stacks.iop.org/1748-0221/8/i=04/a=P04013},
	Volume        = {8},
	Year          = {2013},
	Bdsk-Url-1    = {http://stacks.iop.org/1748-0221/8/i=04/a=P11002}}

@techreport{mangano,
	Address     = {Geneva},
	Author      = {Adam, Wolfgang and Mangano, Boris and Speer, Thomas and Todorov, Teddy},
	Institution = {CERN},
	Month       = {Dec},
	Number      = {CMS-NOTE-2006-041. CERN-CMS-NOTE-2006-041},
	Title       = {Track Reconstruction in the CMS tracker},
	Year        = {2006}}

@techreport{pixel,
	Address     = {Geneva},
	Author      = {Cucciarelli, Susanna and Konecki, Marcin and Kotlinski, Danek and Todorov, Teddy},
	Institution = {CERN},
	Month       = {Jan},
	Number      = {CMS-NOTE-2006-026. CERN-CMS-NOTE-2006-026},
	Title       = {Track reconstruction, primary vertex finding and seed generation with the Pixel Detector},
	Year        = {2006}}

@article{ckf,
	Author     = {R. Fr{\"u}hwirth},
	Doi        = {10.1016/0168-9002(87)90887-4},
	Issn       = {0168-9002},
	Journal    = {Nuclear Instruments and Methods in Physics Research Section A: Accelerators, Spectrometers, Detectors and Associated Equipment},
	Number     = {2--3},
	Pages      = {444 - 450},
	Title      = {Application of Kalman filtering to track and vertex fitting},
	Url        = {http://www.sciencedirect.com/science/article/pii/0168900287908874},
	Volume     = {262},
	Year       = {1987},
	Bdsk-Url-1 = {http://www.sciencedirect.com/science/article/pii/0168900287908874},
	Bdsk-Url-2 = {http://dx.doi.org/10.1016/0168-9002(87)90887-4}}

@article{davtx,
	Author     = {Rose, K.},
	Doi        = {10.1109/5.726788},
	Issn       = {0018-9219},
	Journal    = {Proceedings of the IEEE},
	Keywords   = {Shannon rate-distortion function;clustering;data compression;deterministic annealing;maximum entropy;multilayer perceptrons;optimization;pattern recognition;quantization;statistical regression;data compression;maximum entropy methods;multilayer perceptrons;pattern recognition;simulated annealing;statistical analysis;},
	Month      = {nov},
	Number     = {11},
	Pages      = {2210 -2239},
	Title      = {Deterministic annealing for clustering, compression, classification, regression, and related optimization problems},
	Volume     = {86},
	Year       = {1998},
	Bdsk-Url-1 = {http://dx.doi.org/10.1109/5.726788}}

@inproceedings{dacms,
	Address       = {Geneva},
	Author        = {Aimar, Alberto and Harvey, John and Knoors, Nathalie},
	Organization  = {CERN},
	Collaboration = {CMS},
	Publisher     = {CERN},
	Title         = {Deterministic annealing for vertex finding at CMS},
	Year          = {2005},
	booktitle     = "Computing in High Energy Physics and Nuclear Physics 2004",
}

@techreport{vertexing,
	Address     = {Geneva},
	Author      = {Speer, Thomas and Prokofiev, Kirill and Fr{\"u}hwirth, R and Waltenberger, Wolfgang and Vanlaer, Pascal},
	Institution = {CERN},
	Month       = {Feb},
	Number      = {CMS-NOTE-2006-032. CERN-CMS-NOTE-2006-032},
	Title       = {Vertex Fitting in the CMS Tracker},
	Year        = {2006}}

@techreport{vtxfit,
	Address     = {Geneva},
	Author      = {Fruhwirth, R and Waltenberger, Wolfgang and Vanlaer, Pascal},
	Institution = {CERN},
	Month       = {Mar},
	Number      = {CMS-NOTE-2007-008. CERN-CMS-NOTE-2007-008},
	Title       = {Adaptive Vertex Fitting},
	Year        = {2007}}

@article{vtxtkres,
	Author        = {The CMS Collaboration},
	Collaboration = {CMS},
	Journal       = {CMS Physics Analysis Summary},
	Volume        = {\href{http://cdsweb.cern.ch/record/1279383}{CMS-PAS-TRK-10-005}},
	Title         = {Tracking and Primary Vertex Results in First 7 TeV Collisions},
	Year          = {2010}}

@article{egmReco,
	Author        = {The CMS Collaboration},
	Collaboration = {CMS},
	Journal       = {CMS Physics Analysis Summary},
	Title         = {Electron reconstruction and identification at $\sqrt{s}$ = 7 TeV},
	Volume        = {\href{http://cdsweb.cern.ch/record/1247384}{CMS-PAS-EGM-10-001}},
	Year          = {2010}}

@article{egm2013,
	Author        = {The CMS Collaboration},
	Collaboration = {CMS},
	Journal       = {CMS Performance Note},
	Title         = {Electron peformance with $19.6^{-1}$ of data collected at $\sqrt{s}$ = 8 TeV with the CMS detector},
	Volume        = {\href{http://cdsweb.cern.ch/record/1523273}{DP2013\_003}},
	Year          = {2013}}

@article{baffiReco,
	Affiliation = {Ecole Polytechnique and IN2P3-CNRS Laboratoire Leprince-Ringuet 91128 Palaiseau Cedex France 91128 Palaiseau Cedex France},
	Author      = {Baffioni, S. and Charlot, C. and Ferri, F. and Futyan, D. and Meridiani, P. and Puljak, I. and Rovelli, C. and Salerno, R. and Sirois, Y.},
	Issn        = {1434-6044},
	Issue       = {4},
	Journal     = {The European Physical Journal C - Particles and Fields},
	Keyword     = {Physics and Astronomy},
	Note        = {10.1140/epjc/s10052-006-0175-5},
	Pages       = {1099-1116},
	Publisher   = {Springer Berlin / Heidelberg},
	Title       = {Electron reconstruction in CMS},
	Url         = {http://dx.doi.org/10.1140/epjc/s10052-006-0175-5},
	Volume      = {49},
	Year        = {2007},
	Bdsk-Url-1  = {http://dx.doi.org/10.1140/epjc/s10052-006-0175-5}}

@article{gsf,
	Adsnote    = {Provided by the SAO/NASA Astrophysics Data System},
	Adsurl     = {http://adsabs.harvard.edu/abs/2005JPhG...31N...9A},
	Author     = {{Adam}, W. and {Fr{\"u}hwirth}, R. and {Strandlie}, A. and {Todorov}, T.},
	Doi        = {10.1088/0954-3899/31/9/N01},
	Eprint     = {arXiv:physics/0306087},
	Journal    = {Journal of Physics G Nuclear Physics},
	Month      = sep,
	Pages      = {9},
	Title      = {{RESEARCH NOTE FROM COLLABORATION: Reconstruction of electrons with the Gaussian-sum filter in the CMS tracker at the LHC}},
	Volume     = 31,
	Year       = 2005,
	Bdsk-Url-1 = {http://dx.doi.org/10.1088/0954-3899/31/9/N01}}

@article{muonReco,
	Adsnote       = {Provided by the SAO/NASA Astrophysics Data System},
	Adsurl        = {http://adsabs.harvard.edu/abs/2010JInst...5T3022C},
	Archiveprefix = {arXiv},
	Author        = {{CMS Collaboration}},
	Doi           = {10.1088/1748-0221/5/03/T03022},
	Eprint        = {0911.4994},
	Journal       = {Journal of Instrumentation},
	Month         = mar,
	Pages         = {3022-+},
	Primaryclass  = {physics.ins-det},
	Title         = {{Performance of CMS muon reconstruction in cosmic-ray events}},
	Volume        = 5,
	Year          = 2010,
	Bdsk-Url-1    = {http://dx.doi.org/10.1088/1748-0221/5/03/T03022}}

@article{pfReco,
	Author        = {The CMS Collaboration},
	Collaboration = {CMS},
	Journal       = {CMS Physics Analysis Summary},
	Volume        = {\href{http://cdsweb.cern.ch/record/1194487}{CMS-PAS-PFT-09-001}},
	Title         = {Particle-Flow Event Reconstruction in CMS and Performance for Jets, Taus, and MET},
	Year          = {2009}}

@article{pfComm,
	Author        = {The CMS Collaboration},
	Collaboration = {CMS},
	Journal       = {CMS Physics Analysis Summary},
	Volume        = {\href{http://cdsweb.cern.ch/record/1279341}{CMS-PAS-PFT-10-002}},
	Title         = {Commissioning of the Particle-Flow reconstruction in Minimum-Bias and Jet Events from pp Collisions at 7 TeV},
	Year          = {2010}}

@article{metPerformance,
	Author        = {The CMS collaboration},
	Collaboration = {CMS},
	Journal       = {Journal of Instrumentation},
	Number        = {09},
	Pages         = {P09001},
	Title         = {Missing transverse energy performance of the CMS detector},
	Url           = {http://stacks.iop.org/1748-0221/6/i=09/a=P09001},
	Volume        = {6},
	Year          = {2011},
	Bdsk-Url-1    = {http://stacks.iop.org/1748-0221/6/i=09/a=P09001}}


@ARTICLE{pdg,
author = {
{Yao}, W.-M. and
{Amsler}, C. and
{Asner}, D. and
{Barnett}, R.M. and
{Beringer}, J. and
{Burchat}, P.R. and
{Carone}, C.D. and
{Caso}, C. and
{Dahl}, O. and
{D'Ambrosio}, G. and
{DeGouvea}, A. and
{Doser}, M. and
{Eidelman}, S. and
{Feng}, J.L. and
{Gherghetta}, T. and
{Goodman}, M. and
{Grab}, C. and
{Groom}, D.E. and
{Gurtu}, A. and
{Hagiwara}, K. and
{Hayes}, K.G. and
{Hern\'andez-Rey}, J.J. and
{Hikasa}, K. and
{Jawahery}, H. and
{Kolda}, C. and
{Kwon} Y. and
{Mangano}, M.L. and
{Manohar}, A.V. and
{Masoni}, A. and
{Miquel}, R. and
{M\"onig}, K. and
{Murayama}, H. and
{Nakamura}, K. and
{Navas}, S. and
{Olive}, K.A. and
{Pape}, L. and
{Patrignani}, C. and
{Piepke}, A. and
{Punzi}, G. and
{Raffelt}, G. and
{Smith}, J.G. and
{Tanabashi}, M. and
{Terning}, J. and
{T\"ornqvist}, N.A. and
{Trippe}, T.G. and
{Vogel}, P. and
{Watari}, T. and
{Wohl}, C.G. and
{Workman}, R.L. and
{Zyla}, P.A. and

{Armstrong}, B. and
{Harper}, G. and
{Lugovsky}, V.S. and
{Schaffner}, P. and

{Artuso}, M. and
{Babu}, K.S. and
{Band}, H.R. and
{Barberio}, E. and
{Battaglia}, M. and
{Bichsel}, H. and
{Biebel}, O. and
{Bloch}, P. and
{Blucher}, E. and
{Cahn}, R.N. and
{Casper}, D. and
{Cattai}, A. and
{Ceccucci}, A. and
{Chakraborty}, D. and
{Chivukula}, R.S. and
{Cowan}, G. and
{Damour}, T. and
{DeGrand}, T. and
{Desler}, K. and
{Dobbs}, M.A. and
{Drees}, M. and
{Edwards}, A. and
{Edwards}, D.A. and
{Elvira}, V.D. and
{Erler}, J. and
{Ezhela}, V.V. and
{Fetscher}, W. and
{Fields}, B.D. and
{Foster}, B. and
{Froidevaux}, D. and
{Gaisser}, T.K. and
{Garren}, L. and
{Gerber}, H.-J. and
{Gerbier}, G. and
{Gibbons}, L. and
{Gilman}, F.J. and
{Giudice}, G.F. and
{Gritsan}, A.V. and
{Gr\"unewald}, M. and
{Haber}, H.E. and
{Hagmann}, C. and
{Hinchliffe}, I. and
{H\"ocker}, A. and
{Igo-Kemenes}, P. and
{Jackson}, J.D. and
{Johnson}, K.F. and
{Karlen}, D. and
{Kayser}, B. and
{Kirkby}, D. and
{Klein}, S.R. and
{Kleinknecht}, K. and
{Knowles}, I.G. and
{Kowalewski}, R.V. and
{Kreitz}, P. and
{Krusche}, B. and
{Kuyanov}, Yu.V. and
{Lahav}, O. and
{Langacker}, P. and
{Liddle}, A. and
{Ligeti}, Z. and
{Liss}, T.M. and
{Littenberg}, L. and
{Liu}, L. and
{Lugovsky}, K.S. and
{Lugovsky}, S.B. and
{Mannel}, T. and
{Manley}, D.M. and
{Marciano}, W.J. and
{Martin}, A.D. and
{Milstead}, D. and
{Narain}, M. and
{Nason}, P. and
{Nir}, Y. and
{Peacock}, J.A. and
{Prell}, S.A. and
{Quadt}, A. and
{Raby}, S. and
{Ratcliff}, B.N. and
{Razuvaev}, E.A. and
{Renk}, B. and
{Richardson}, P. and
{Roesler}, S. and
{Rolandi}, G. and
{Ronan}, M.T. and
{Rosenberg}, L.J. and
{Sachrajda}, C.T. and
{Sarkar}, S. and
{Schmitt}, M. and
{Schneider}, O. and
{Scott}, D. and
{Sj\"ostrand}, T. and
{Smoot}, G.F. and
{Sokolsky}, P. and
{Spanier}, S. and
{Spieler}, H. and
{Stahl}, A. and
{Stanev}, T. and
{Streitmatter}, R.E. and
{Sumiyoshi}, T. and
{Tkachenko}, N.P. and
{Trilling}, G.H. and
{Valencia}, G. and
{van Bibber}, K. and
{Vincter}, M.G. and
{Ward}, D.R. and
{Webber}, B.R. and
{Wells}, J.D. and
{Whalley}, M. and
{Wolfenstein}, L. and
{Womersley}, J. and
{Woody}, C.L. and
{Yamamoto}, A. and
{Zenin}, O.V. and
{Zhang}, J. and
{Zhu}, R.-Y.},

title = "{Review of Particle Physics}",
journal = "{Journal of Physics G}",
year = 2006,
volume = "33",
pages = {1+},
url = {http://pdg.lbl.gov}
}
